[gd_scene load_steps=7 format=2]

[ext_resource path="res://GUI/HUDs/Boss HUD.gd" type="Script" id=1]
[ext_resource path="res://Asset/Fond2.png" type="Texture" id=2]
[ext_resource path="res://Asset/energy_bar_bg.png" type="Texture" id=3]
[ext_resource path="res://Asset/energy_bar_fill.png" type="Texture" id=4]
[ext_resource path="res://Asset/Fond1.png" type="Texture" id=5]
[ext_resource path="res://Asset/Goomba.png" type="Texture" id=6]

[node name="Boss HUD" type="HBoxContainer" index="0"]

anchor_left = 0.0
anchor_top = 0.0
anchor_right = 0.0
anchor_bottom = 0.0
margin_left = 510.0
margin_right = 1020.0
margin_bottom = 256.0
rect_pivot_offset = Vector2( 0, 0 )
rect_clip_content = false
mouse_filter = 1
mouse_default_cursor_shape = 0
size_flags_horizontal = 0
size_flags_vertical = 0
custom_constants/separation = 0
alignment = 0
script = ExtResource( 1 )
_sections_unfolded = [ "Anchor", "Margin", "Rect", "Size Flags", "custom_constants" ]

[node name="Tween" type="Tween" parent="." index="0"]

repeat = false
playback_process_mode = 1
playback_speed = 1.0
playback/active = false
playback/repeat = false
playback/speed = 1.0

[node name="Info Container" type="MarginContainer" parent="." index="1"]

anchor_left = 0.0
anchor_top = 0.0
anchor_right = 0.0
anchor_bottom = 0.0
margin_right = 340.0
margin_bottom = 256.0
rect_min_size = Vector2( 340, 256 )
rect_pivot_offset = Vector2( 0, 0 )
rect_clip_content = false
mouse_filter = 0
mouse_default_cursor_shape = 0
size_flags_horizontal = 0
size_flags_vertical = 0
custom_constants/margin_right = 0
custom_constants/margin_top = 0
custom_constants/margin_left = 0
custom_constants/margin_bottom = 0
_sections_unfolded = [ "Rect" ]

[node name="Info Background" type="NinePatchRect" parent="Info Container" index="0"]

anchor_left = 0.0
anchor_top = 0.0
anchor_right = 0.0
anchor_bottom = 0.0
margin_right = 340.0
margin_bottom = 256.0
rect_pivot_offset = Vector2( 0, 0 )
rect_clip_content = false
mouse_filter = 2
mouse_default_cursor_shape = 0
size_flags_horizontal = 1
size_flags_vertical = 1
texture = ExtResource( 2 )
_sections_unfolded = [ "Rect" ]

[node name="Name" type="Label" parent="Info Container/Info Background" index="0"]

anchor_left = 0.0
anchor_top = 0.0
anchor_right = 0.0
anchor_bottom = 0.0
margin_right = 38.0
margin_bottom = 14.0
rect_pivot_offset = Vector2( 0, 0 )
rect_clip_content = false
mouse_filter = 2
mouse_default_cursor_shape = 0
size_flags_horizontal = 1
size_flags_vertical = 4
text = "Name"
percent_visible = 1.0
lines_skipped = 0
max_lines_visible = -1
_sections_unfolded = [ "Margin", "Size Flags" ]

[node name="PV Bar" type="TextureProgress" parent="Info Container/Info Background" index="1"]

anchor_left = 1.0
anchor_top = 0.5
anchor_right = 1.0
anchor_bottom = 0.5
margin_left = -248.0
margin_top = -20.5
margin_bottom = 20.5
rect_pivot_offset = Vector2( 0, 0 )
rect_clip_content = false
mouse_filter = 1
mouse_default_cursor_shape = 0
size_flags_horizontal = 0
size_flags_vertical = 0
min_value = 0.0
max_value = 100.0
step = 1.0
page = 0.0
value = 50.0
exp_edit = false
rounded = false
texture_under = ExtResource( 3 )
texture_over = null
texture_progress = ExtResource( 4 )
radial_fill_degrees = 360.0
radial_center_offset = Vector2( 0, 0 )
nine_patch_stretch = false
_sections_unfolded = [ "Margin", "Rect", "Textures" ]

[node name="PV Print" type="Label" parent="Info Container/Info Background" index="2"]

anchor_left = 1.0
anchor_top = 1.0
anchor_right = 1.0
anchor_bottom = 1.0
margin_left = -66.0
margin_top = -14.0
rect_pivot_offset = Vector2( 0, 0 )
rect_clip_content = false
mouse_filter = 2
mouse_default_cursor_shape = 0
size_flags_horizontal = 1
size_flags_vertical = 4
text = "Perfect/20"
valign = 1
percent_visible = 1.0
lines_skipped = 0
max_lines_visible = -1

[node name="Portrait Container" type="MarginContainer" parent="." index="2"]

anchor_left = 0.0
anchor_top = 0.0
anchor_right = 0.0
anchor_bottom = 0.0
margin_left = 340.0
margin_right = 510.0
margin_bottom = 256.0
rect_min_size = Vector2( 170, 256 )
rect_pivot_offset = Vector2( 0, 0 )
rect_clip_content = false
mouse_filter = 0
mouse_default_cursor_shape = 0
size_flags_horizontal = 0
size_flags_vertical = 0
custom_constants/margin_right = 0
custom_constants/margin_top = 0
custom_constants/margin_left = 0
custom_constants/margin_bottom = 0
_sections_unfolded = [ "Anchor", "Margin", "Rect", "Size Flags" ]

[node name="Background" type="NinePatchRect" parent="Portrait Container" index="0"]

anchor_left = 0.0
anchor_top = 0.0
anchor_right = 0.0
anchor_bottom = 0.0
margin_right = 170.0
margin_bottom = 256.0
rect_pivot_offset = Vector2( 0, 0 )
rect_clip_content = false
mouse_filter = 2
mouse_default_cursor_shape = 0
size_flags_horizontal = 1
size_flags_vertical = 1
texture = ExtResource( 5 )
_sections_unfolded = [ "Axis Stretch", "Rect", "Size Flags" ]

[node name="Portrait" type="NinePatchRect" parent="Portrait Container" index="1"]

anchor_left = 0.0
anchor_top = 0.0
anchor_right = 0.0
anchor_bottom = 0.0
margin_right = 170.0
margin_bottom = 256.0
rect_pivot_offset = Vector2( 0, 0 )
rect_clip_content = false
mouse_filter = 2
mouse_default_cursor_shape = 0
size_flags_horizontal = 1
size_flags_vertical = 1
texture = ExtResource( 6 )


